<?xml version="1.0" encoding="utf-8"?>
<record xmlns="http://www.loc.gov/MARC21/slim" xmlns:xsi="http://www.w3.org/2001/XMLSchema-instance" xsi:schemaLocation="http://www.loc.gov/MARC21/slim http://www.loc.gov/standards/marcxml/schema/MARC21slim.xsd">
	<leader>     nam a22     Mi 4500</leader>
	<controlfield tag="001">264862</controlfield>
	<controlfield tag="003">NjP</controlfield>
	<controlfield tag="006">m        d        </controlfield>
	<controlfield tag="007">cr cn |||m|||a</controlfield>
	<controlfield tag="008">210111s1982    ir      oi    000 0 arard</controlfield>
	<datafield ind1=" " ind2=" " tag="040">
		<subfield code="a">ZYU</subfield>
		<subfield code="b">ara</subfield>
		<subfield code="e">rda</subfield>
		<subfield code="c">ZYU</subfield>
	</datafield>
	<datafield ind1=" " ind2="4" tag="050">
		<subfield code="a">BP194.A37</subfield>
		<subfield code="b">M54 1982</subfield>
	</datafield>
	<datafield ind1="1" ind2=" " tag="100">
		<subfield code="a">Mīlānī, Fāḍil al-Ḥusaynī.</subfield>
	</datafield>
	<datafield ind1="1" ind2="0" tag="245">
		<subfield code="a">ʻAlá ḍifāf al-Ghadīr :</subfield>
		<subfield code="b">fihris mawḍūʻī wa-taḥlīlī li-mawsūʻat (al-Ghadīr) /</subfield>
		<subfield code="c">iʻdād ʻAbd Allāh Muḥammadī, Muḥammad Bahrah Mand, Muḥammad Muḥaddith ; murājaʻat wa-tansīq Fāḍil al-Ḥusaynī al-Mīlānī.</subfield>
	</datafield>
	<datafield ind1=" " ind2=" " tag="260">
		<subfield code="a">Mashhad :</subfield>
		<subfield code="b">Dār al-Murtaḍá lil-Nashr,</subfield>
		<subfield code="c">1403 [1982 or 1983]</subfield>
	</datafield>
	<datafield ind1=" " ind2=" " tag="300">
		<subfield code="a">online resource (338 pages)</subfield>
	</datafield>
	<datafield ind1=" " ind2=" " tag="336">
		<subfield code="a">text</subfield>
		<subfield code="2">rdacontent</subfield>
	</datafield>
	<datafield ind1=" " ind2=" " tag="337">
		<subfield code="a">computer</subfield>
		<subfield code="2">rdamedia</subfield>
	</datafield>
	<datafield ind1=" " ind2=" " tag="338">
		<subfield code="a">online resource</subfield>
		<subfield code="2">rdacarrier</subfield>
	</datafield>
	<datafield ind1=" " ind2=" " tag="500">
		<subfield code="a">Part of the Arabic Collections Online (ACO) project, contributed by Princeton University Libraries.</subfield>
	</datafield>
	<datafield ind1=" " ind2=" " tag="533">
		<subfield code="a">Electronic reproduction.</subfield>
		<subfield code="b">New York, N.Y. :</subfield>
		<subfield code="c">New York University,</subfield>
		<subfield code="d">2021.</subfield>
		<subfield code="5">NNU</subfield>
	</datafield>
	<datafield ind1="1" ind2="0" tag="600">
		<subfield code="a">Amīnī, ʻAbd al-Ḥusayn Aḥmad.</subfield>
		<subfield code="t">Ghadīr fī al-Kitāb wa-al-sunnah wa-al-adab</subfield>
		<subfield code="v">Indexes.</subfield>
	</datafield>
	<datafield ind1="0" ind2="0" tag="600">
		<subfield code="a">ʻAlī ibn Abī Ṭālib,</subfield>
		<subfield code="c">Caliph,</subfield>
		<subfield code="d">approximately 600-661</subfield>
		<subfield code="x">Imamate</subfield>
		<subfield code="v">Indexes.</subfield>
	</datafield>
	<datafield ind1=" " ind2="0" tag="650">
		<subfield code="a">Shīʻah</subfield>
		<subfield code="v">Indexes.</subfield>
	</datafield>
	<datafield ind1=" " ind2="0" tag="650">
		<subfield code="a">Ghadīr</subfield>
		<subfield code="v">Indexes.</subfield>
	</datafield>
	<datafield ind1="0" ind2="7" tag="600">
		<subfield code="a">ʻAlī ibn Abī Ṭālib,</subfield>
		<subfield code="c">Caliph,</subfield>
		<subfield code="d">approximately 600-661</subfield>
		<subfield code="2">fast</subfield>
		<subfield code="0">(OCoLC)fst01804105</subfield>
	</datafield>
	<datafield ind1="0" ind2="7" tag="630">
		<subfield code="a">Ghadīr fī al-Kitāb wa-al-sunnah wa-al-adab (Amīnī, ʻAbd al-Ḥusayn Aḥmad)</subfield>
		<subfield code="2">fast</subfield>
		<subfield code="0">(OCoLC)fst01363242</subfield>
	</datafield>
	<datafield ind1=" " ind2="7" tag="650">
		<subfield code="a">Ghadīr.</subfield>
		<subfield code="2">fast</subfield>
		<subfield code="0">(OCoLC)fst00942311</subfield>
	</datafield>
	<datafield ind1=" " ind2="7" tag="650">
		<subfield code="a">Imamate.</subfield>
		<subfield code="2">fast</subfield>
		<subfield code="0">(OCoLC)fst00967643</subfield>
	</datafield>
	<datafield ind1=" " ind2="7" tag="650">
		<subfield code="a">Shīʻah.</subfield>
		<subfield code="2">fast</subfield>
		<subfield code="0">(OCoLC)fst01117946</subfield>
	</datafield>
	<datafield ind1=" " ind2="7" tag="655">
		<subfield code="a">Indexes.</subfield>
		<subfield code="2">fast</subfield>
		<subfield code="0">(OCoLC)fst01423761</subfield>
	</datafield>
	<datafield ind1="1" ind2=" " tag="700">
		<subfield code="a">Muḥammadī, ʻAbd Allāh.</subfield>
	</datafield>
	<datafield ind1="2" ind2=" " tag="710">
		<subfield code="a">Princeton University.</subfield>
		<subfield code="b">Library.</subfield>
	</datafield>
	<datafield ind1="0" ind2=" " tag="730">
		<subfield code="a">Arabic Collections Online.</subfield>
	</datafield>
	<datafield ind1="0" ind2="8" tag="776">
		<subfield code="i">Print version:</subfield>
		<subfield code="a">Mīlānī, Fāḍil al-Ḥusaynī.</subfield>
		<subfield code="t">ʻAlá ḍifāf al-Ghadīr</subfield>
		<subfield code="w">(NjP)264862</subfield>
		<subfield code="w">(OCoLC)21263585</subfield>
	</datafield>
	<datafield ind1="4" ind2="0" tag="856">
		<subfield code="u">http://hdl.handle.net/2333.1/tht76tgp</subfield>
	</datafield>
	<datafield ind1=" " ind2=" " tag="959">
		<subfield code="a">NNU</subfield>
		<subfield code="b">WEB</subfield>
		<subfield code="c">GENI</subfield>
		<subfield code="t">0</subfield>
		<subfield code="m">Electronic access</subfield>
		<subfield code="s">01</subfield>
	</datafield>
	<datafield ind1=" " ind2=" " tag="999">
		<subfield code="i">NjP_264862</subfield>
		<subfield code="o">(OCoLC)ocm21263585 </subfield>
		<subfield code="s">princeton_aco003348:</subfield>
		<subfield code="e">(ERROR-880)</subfield>
	</datafield>
</record>
